% Generated by Paperpile. Check out http://paperpile.com for more information.
% BibTeX export options can be customized via Settings -> BibTeX.

@INPROCEEDINGS{Sobotkova2015-lq,
  title           = "Arbitrary Offline Data Capture on All of Your Androids:
                     The {FAIMS} Mobile Platform",
  booktitle       = "Across Space and Time. Papers from the 41st Annual
                     Conference of Computer Applications and Quantitative
                     Methods in Archaeology ({CAA})",
  author          = "Sobotkova, Adela and Ballsun-Stanton, Brian and Ross,
                     Shawn and Crook, Penny",
  editor          = "Traviglia, Arianna",
  publisher       = "Amsterdam University Press",
  pages           = "80--88",
  year            =  2015,
  conference      = "41st Annual Conference of Computer Applications and
                     Quantitative Methods in Archaeology (CAA)",
  location        = "Perth, Australia",
  original_id     = "545ee3ae-7acb-097b-9ee1-182b1c2d4aab"
}

@ARTICLE{Ross2013-hi,
  title       = "Creating eresearch Tools For Archaeologists: The Federated
                 Archaeological Information Management Systems Project",
  author      = "Ross, Shawn Adrian and Sobotkova, Adela and Ballsun-Stanton,
                 Brian and Crook, Penny",
  journal     = "Australian Archaeology",
  volume      =  77,
  number      =  1,
  pages       = "107--119",
  year        =  2013,
  url         = "http://www.tandfonline.com/doi/abs/10.1080/03122417.2013.11681983",
  eprint      = "http://www.tandfonline.com/doi/pdf/10.1080/03122417.2013.11681983",
  issn        = "0312-2417",
  doi         = "10.1080/03122417.2013.11681983",
  original_id = "a0c453f4-ed84-0ac0-a686-0e7976ca5e42"
}

@INCOLLECTION{Sobotkova2016-mx,
  title       = "Measure Twice, Cut Once: Cooperative Deployment of a
                 Generalized, {Archaeology-Specific} Field Data Collection
                 System",
  booktitle   = "Mobilizing the Past for a Digital Future: The Potential of
                 Digital Archaeology",
  author      = "Sobotkova, Adela and Ross, Shawn A and Ballsun-Stanton, Brian
                 and Fairbairn, Andrew and Thompson, Jessica and
                 VanValkenburgh, Parker",
  editor      = "Averett, Erin Walcek and Gordon, Jody Michael and Counts,
                 Derek B",
  publisher   = "The Digital Press @ University of North Dakota",
  pages       = "337--371",
  month       =  oct,
  year        =  2016,
  url         = "http://dc.uwm.edu/arthist_mobilizingthepast/15",
  address     = "Grand Forks, ND",
  isbn        = "9780692790137",
  original_id = "956c7cd3-4977-029a-9e5a-ae71845e1d38"
}

@INCOLLECTION{Ross2015-ph,
  title       = "Building the Bazaar: Enhancing Archaeological Field Recording
                 Through an Open Source Approach",
  booktitle   = "Open Source Archaeology: Ethics and Practice",
  author      = "Ross, Shawn Adrian and Ballsun-Stanton, Brian and Sobotkova,
                 Adela and Crook, Penny",
  editor      = "Wilson, Andrew T and Edwards, Ben",
  publisher   = "De Gruyter Open",
  pages       = "111--129",
  month       =  jan,
  year        =  2015,
  url         = "http://www.degruyter.com/view/books/9783110440171/9783110440171-009/9783110440171-009.xml",
  address     = "Warsaw, Poland",
  isbn        = "9783110440171",
  doi         = "10.1515/9783110440171-009",
  original_id = "5b2b5a7c-94d7-0437-ad3f-578dbfc6077e"
}

@ARTICLE{Ballsun-Stanton2018-zd,
  title       = "{FAIMS} Mobile: Flexible, open-source software for field
                 research",
  author      = "Ballsun-Stanton, Brian and Ross, Shawn A and Sobotkova, Adela
                 and Crook, Penny",
  journal     = "SoftwareX",
  volume      = "7C",
  pages       = "47--52",
  month       =  jan,
  year        =  2018,
  url         = "http://dx.doi.org/10.1016/j.softx.2017.12.006",
  issn        = "2352-7110",
  doi         = "10.1016/j.softx.2017.12.006",
  original_id = "cab35536-343e-0e53-99b8-d7f3a4b78d1d"
}

@ARTICLE{VanValkenburgh2018-hv,
  title     = "Mobilization as Mediation: Implementing a {Tablet-Based}
               Recording System for Ceramic Classification",
  author    = "VanValkenburgh, Parker and Silva, Luiza O G and Repetti-Ludlow,
               Chiara and Gardner, Jake and Crook, Jackson and Ballsun-Stanton,
               Brian",
  journal   = "Advances in Archaeological Practice",
  publisher = "Cambridge University Press",
  pages     = "1--15",
  year      =  2018,
  url       = "http://dx.doi.org/10.1017/aap.2018.12",
  doi       = "10.1017/aap.2018.12"
}

@ARTICLE{Sobotkova2018-al,
  title     = "Sociotechnical Obstacles to Archaeological Data Reuse",
  author    = "Sobotkova, Adela",
  journal   = "Advances in Archaeological Practice",
  publisher = "Cambridge University Press",
  volume    =  6,
  number    =  2,
  pages     = "117--124",
  month     =  may,
  year      =  2018,
  url       = "https://www.cambridge.org/core/journals/advances-in-archaeological-practice/article/sociotechnical-obstacles-to-archaeological-data-reuse/DBEBC733DA7D5C381A59D6E70C5AB59D",
  issn      = "2326-3768",
  doi       = "10.1017/aap.2017.37"
}
